<record><leader>00000cas a2200000 a 4500</leader><controlfield tag="001">10786639</controlfield><controlfield tag="008">840530d18851921caudn ne      0    0eng c</controlfield><datafield ind1=" " ind2=" " tag="010"><subfield code="a">sn 84026878 </subfield></datafield><datafield ind1=" " ind2=" " tag="040"><subfield code="a">NPU</subfield><subfield code="b">eng</subfield><subfield code="c">NPU</subfield><subfield code="d">NPT</subfield><subfield code="d">KNP</subfield><subfield code="d">CNK</subfield><subfield code="d">NYS</subfield><subfield code="d">CNK</subfield><subfield code="d">OCLCQ</subfield><subfield code="d">CNK</subfield><subfield code="d">KRTAS</subfield><subfield code="d">CNK</subfield><subfield code="d">OCLCQ</subfield><subfield code="d">OCLCF</subfield><subfield code="d">OCLCO</subfield></datafield><datafield ind1="1" ind2=" " tag="029"><subfield code="a">AU@</subfield><subfield code="b">000024694116</subfield></datafield><datafield ind1=" " ind2=" " tag="042"><subfield code="a">pcc</subfield></datafield><datafield ind1=" " ind2=" " tag="043"><subfield code="a">n-us-ca</subfield></datafield><datafield ind1="0" ind2="0" tag="245"><subfield code="a">Oakland enquirer.</subfield></datafield><datafield ind1="3" ind2=" " tag="246"><subfield code="a">Oakland enquirer the Oakland independent</subfield></datafield><datafield ind1=" " ind2=" " tag="260"><subfield code="a">Oakland, Calif. :</subfield><subfield code="b">Frank J. Moffit</subfield></datafield><datafield ind1=" " ind2=" " tag="300"><subfield code="a">v. :</subfield><subfield code="b">ill. ;</subfield><subfield code="c">60 cm.</subfield></datafield><datafield ind1=" " ind2=" " tag="310"><subfield code="a">Daily (except Sun.),</subfield><subfield code="b">&lt;July 12, 1886&gt;-Dec. 31, 1921</subfield></datafield><datafield ind1=" " ind2=" " tag="321"><subfield code="a">Semiweekly,</subfield><subfield code="b">Nov. 18, 1885-&lt;May 15, 1886&gt;</subfield></datafield><datafield ind1="0" ind2=" " tag="362"><subfield code="a">Vol. 7, no. 36 (Nov. 18, 1885)-v. 80, no. 151 (Dec. 31, 1921).</subfield></datafield><datafield ind1=" " ind2=" " tag="500"><subfield code="a">"The Oakland independent" appears in small type below "Oakland enquirer," Nov., 1885.</subfield></datafield><datafield ind1=" " ind2=" " tag="530"><subfield code="a">Master negatives are available for duplication from:</subfield><subfield code="b">California Newspaper Microfilm Archive;</subfield><subfield code="c">for further information consult the CNMA at:</subfield><subfield code="u">http://cbsr.ucr.edu</subfield></datafield><datafield ind1=" " ind2=" " tag="580"><subfield code="a">Weekly ed.: Oakland weekly enquirer, &lt;1891&gt;.</subfield></datafield><datafield ind1=" " ind2=" " tag="580"><subfield code="a">Morning ed.: Morning enquirer and the Oakland times.</subfield></datafield><datafield ind1=" " ind2="0" tag="651"><subfield code="a">Oakland (Calif.)</subfield><subfield code="v">Newspapers.</subfield></datafield><datafield ind1=" " ind2="7" tag="655"><subfield code="a">Newspapers.</subfield><subfield code="2">fast</subfield><subfield code="0">(OCoLC)fst01423814</subfield></datafield><datafield ind1=" " ind2="7" tag="651"><subfield code="a">California</subfield><subfield code="z">Oakland.</subfield><subfield code="2">fast</subfield><subfield code="0">(OCoLC)fst01206605</subfield></datafield><datafield ind1=" " ind2=" " tag="752"><subfield code="a">United States</subfield><subfield code="b">California</subfield><subfield code="c">Alameda</subfield><subfield code="d">Oakland.</subfield></datafield><datafield ind1="1" ind2=" " tag="775"><subfield code="t">Oakland weekly enquirer</subfield><subfield code="w">(DLC)sn 94052966</subfield></datafield><datafield ind1="1" ind2=" " tag="775"><subfield code="t">Morning enquirer and the Oakland times</subfield><subfield code="w">(DLC)sn 94052981</subfield></datafield><datafield ind1="0" ind2="0" tag="780"><subfield code="t">Independent enquirer</subfield><subfield code="w">(DLC)sn 96061027</subfield></datafield><datafield ind1="0" ind2="7" tag="785"><subfield code="t">Oakland daily post</subfield><subfield code="w">(DLC)sn 92069542</subfield></datafield><datafield ind1="0" ind2="7" tag="785"><subfield code="t">Oakland post enquirer</subfield><subfield code="w">(DLC)sn 86071849</subfield></datafield><datafield ind1=" " ind2=" " tag="938"><subfield code="a">Kirtas Technologies, Inc.</subfield><subfield code="b">KRTS</subfield><subfield code="n">738476</subfield></datafield></record>